

@book{Zorich-2015,
    author = {Vladimir Zorich},
    title = {Mathematical Analysis },
    publisher = {Springer},
    address = {London - England},
    year = {2015}
}


@article{Merino-2022,
    author = {Manuel Merino and Ismael Aguedo and 
    Karla Madrid and Steve Nina and Junior Zavaleta},
    title = {Minimización del error del Riesgo esperado
    para el aprendizaje estadístico},
    journal = {Applied Soft Computing},
    volume = {13},
    number = {9},
    pages = {120--141},
    year = {2022}
}


@article{Kim-2008,
  title={A minimax theorem with applications to machine learning, signal processing, and finance},
  author={Seung Kim and Stephen Boyd},
  journal={SIAM Journal on Optimization},
  note = {DOI: 10.1137/060677586, Obtenido de: \href{https://sci-hub.se/10.1137/060677586}{https://sci-hub.se/10.1137/060677586} },
  pages={1344--1367},
  volume={19},
  year={2008}
}




