% Books

	@book{Schmidt-2020,
	  title={Econometrics},
	  author={Schmidt, Peter},
	  year={2020},
	  publisher={CRC Press}
	}

    @book{Koop-2003,
        title={Bayesian econometrics},
        author={Koop, Gary},
        year={2003},
        publisher={John Wiley \& Sons}
    }

    @book{Takayama-1985,
        title={Mathematical economics},
        author={Takayama, Akira and Akira, Takayama},
        year={1985},
        publisher={Cambridge university press}
    }

	@book{Huang-2022,
		title={Applied Time Series Analysis and Forecasting with Python},
		author={Huang, Changquan and Petukhina, Alla},
		year={2022},
		publisher={Springer Nature}
	}

% Article
    @article{Johnson-1987,
        title={Econometrics: Basic and applied},
        author={Johnson Jr, Aaron C and Johnson, Marvin B and Buse, Rueben C},
        journal={New York},
        year={1987},
        publisher={Taylor \& Francis}
    }

    @article{Das-2019,
        title={Econometrics in theory and practice},
        author={Das, Panchanan},
        journal={Springer},
        volume={10},
        pages={978--981},
        year={2019},
        publisher={Springer}
    }

    @article{Carter-1958,
        title={Mathematical economics},
        author={Carter, CF},
        journal={The Economic Journal},
        volume={68},
        number={269},
        pages={112--114},
        year={1958},
        publisher={Oxford University Press Oxford, UK}
    }

	@article{Kim-2008,
		title={A minimax theorem with applications to machine learning, signal processing, and finance},
		author={Seung Kim and Stephen Boyd},
		journal={SIAM Journal on Optimization},
		note = {DOI: 10.1137/060677586, Obtenido de: \href{https://sci-hub.se/10.1137/060677586}{https://sci-hub.se/10.1137/060677586}},
		pages={1344--1367},
		volume={19},
		year={2008}
	}